@inproceedings{iris1,
  author       = {Ralf Jung and
                  David Swasey and
                  Filip Sieczkowski and
                  Kasper Svendsen and
                  Aaron Turon and
                  Lars Birkedal and
                  Derek Dreyer},
  editor       = {Sriram K. Rajamani and
                  David Walker},
  title        = {Iris: Monoids and Invariants as an Orthogonal Basis for Concurrent
                  Reasoning},
  booktitle    = {Proceedings of the 42nd Annual {ACM} {SIGPLAN-SIGACT} Symposium on
                  Principles of Programming Languages, {POPL} 2015, Mumbai, India, January
                  15-17, 2015},
  pages        = {637--650},
  publisher    = {{ACM}},
  year         = {2015},
  url          = {https://doi.org/10.1145/2676726.2676980},
  doi          = {10.1145/2676726.2676980},
  timestamp    = {Mon, 08 Apr 2024 08:19:10 +0200},
  biburl       = {https://dblp.org/rec/conf/popl/JungSSSTBD15.bib},
  bibsource    = {dblp computer science bibliography, https://dblp.org}
}

@article{iris-ground-up,
  author       = {Ralf Jung and
                  Robbert Krebbers and
                  Jacques{-}Henri Jourdan and
                  Ales Bizjak and
                  Lars Birkedal and
                  Derek Dreyer},
  title        = {Iris from the ground up: {A} modular foundation for higher-order concurrent
                  separation logic},
  journal      = {J. Funct. Program.},
  volume       = {28},
  pages        = {e20},
  year         = {2018},
  url          = {https://doi.org/10.1017/S0956796818000151},
  doi          = {10.1017/S0956796818000151},
  timestamp    = {Sun, 19 Jan 2025 14:36:50 +0100},
  biburl       = {https://dblp.org/rec/journals/jfp/JungKJBBD18.bib},
  bibsource    = {dblp computer science bibliography, https://dblp.org}
}

@phdthesis{rustbelt,
  author       = {Ralf Jung},
  title        = {Understanding and evolving the Rust programming language},
  school       = {Saarland University, Saarbr{\"{u}}cken, Germany},
  year         = {2020},
  url          = {https://publikationen.sulb.uni-saarland.de/handle/20.500.11880/29647},
  urn          = {urn:nbn:de:bsz:291--ds-319465},
  timestamp    = {Sat, 17 Jul 2021 09:07:32 +0200},
  biburl       = {https://dblp.org/rec/phd/dnb/Jung20.bib},
  bibsource    = {dblp computer science bibliography, https://dblp.org}
}

@article{fvf,
  author       = {Fr{\'{e}}d{\'{e}}ric Vogels and
                  Bart Jacobs and
                  Frank Piessens},
  title        = {Featherweight VeriFast},
  journal      = {Log. Methods Comput. Sci.},
  volume       = {11},
  number       = {3},
  year         = {2015},
  url          = {https://doi.org/10.2168/LMCS-11(3:19)2015},
  doi          = {10.2168/LMCS-11(3:19)2015},
  timestamp    = {Sat, 09 Apr 2022 12:27:09 +0200},
  biburl       = {https://dblp.org/rec/journals/corr/Vogels0P15.bib},
  bibsource    = {dblp computer science bibliography, https://dblp.org}
}
